@book{candt,
  title={Molecular Quantum Electrodynamics},
  author={Craig, D. P. and Thirunamachandran, T.},
  isbn={9780486135632},
  series={Dover Books on Chemistry},
  url={https://books.google.co.uk/books?id=S6DDAgAAQBAJ},
  year={2012},
  publisher={Dover Publications},
  address={Mineola, New York}
}
@book{sakurai,
  title={Modern Quantum Mechanics},
  author={Sakurai, J. J. and Napolitano, J.},
  edition={3rd},
  isbn={9781108473224},
  url={https://books.google.co.uk/books?id=GdX7DwAAQBAJ},
  year={2020},
  publisher={Cambridge University Press},
  address={Cambridge}
}
@article{fermigoldenrule,
  author = {Dirac, Paul Adrien Maurice and Bohr, Niels Henrik David},
  title = {The quantum theory of the emission and absorption of radiation},
  journal = {Proceedings of the Royal Society of London. Series A, Containing Papers of a Mathematical and Physical Character},
  volume = {114},
  number = {767},
  pages = {243--265},
  year = {1927},
  doi = {10.1098/rspa.1927.0039},
  eprint = {https://royalsocietypublishing.org/doi/pdf/10.1098/rspa.1927.0039}
}
@techreport{tensors,
  title={An Introduction to Tensors for Students of Physics and Engineering},
  author={Joseph C. Kolecki},
  institution={National Aeronautics and Space Administration},
  address={John H. Glenn Research Centre, Cleveland, Ohio},
  url="https://www.grc.nasa.gov/www/k-12/Numbers/Math/documents/Tensors_TM2002211716.pdf",
  year={2002},
  month={July}
}
@misc{tensormathworld,
  title={Tensor},
  author={Rowland, Todd and Weisstein, Eric W.},
  howpublished="\url{https://mathworld.wolfram.com/Tensor.html}",
  publisher = {MathWorld--A Wolfram Web Resource},
  year = {2022},
  note = "[Online]"
}
@misc{tensorindex,
  title={Index Notation for Vector Calculus},
  author={Ilan Ben-Yaacov and Francesc Roig},
  howpublished="\url{http://www.ees.nmt.edu/outside/courses/GEOP523/Docs/index-notation.pdf}",
  publisher={Earth and Environmental Science Faculty},
  institution={New Mexico Institute of Mining and Technology},
  year={2006}
}
@article{rotationalaverage,
  title={On three-dimensional rotational averages},
  author={Andrews, David L. and Thirunamachandran, Thuraiappah},
  journal={The Journal of Chemical Physics},
  volume={67},
  number={11},
  pages={5026--5033},
  year={1977},
  publisher={American Institute of Physics},
  doi={10.1063/1.434725}
}
@book{weyl,
  title={The Classical Groups: Their Invariants and Representations},
  author={Weyl, Hermann},
  volume={45},
  year={1946},
  publisher={Princeton University Press},
  doi={10.1515/9781400883905},
  isbn={9781400883905}
}
@misc{gaussianbeam,
  title={Quantitative and Qualitative Study of Gaussian Beam Visualization Techniques}, 
  author={J. Magnes and D. Odera and J. Hartke and M. Fountain and L. Florence and V. Davis},
  year={2006},
  eprint={physics/0605102},
  archivePrefix={arXiv},
  primaryClass={physics.optics},
  doi={10.48550/arXiv.physics/0605102}
}
@article{lgbeam,
  title={Orbital angular momentum of light and the transformation of {Laguerre-Gaussian} laser modes},
  author={Allen, Les and Beijersbergen, Marco W. and Spreeuw, R. J. C. and Woerdman, J. P.},
  journal={Physical review A},
  volume={45},
  number={11},
  pages={8185},
  year={1992},
  publisher={APS},
  doi={10.1103/PhysRevA.45.8185}
}
@misc{einsum,
  author = {{NumPy Developers}},
  title = {numpy.einsum},
  howpublished= "\url{https://numpy.org/doc/stable/reference/generated/numpy.einsum.html}",
  year = {2022},
  note = "[Online]"
}
@misc{arctan2,
  author = {{NumPy Developers}},
  title = {numpy.arctan2},
  howpublished= "\url{https://numpy.org/doc/stable/reference/generated/numpy.arctan2.html}",
  year = {2022},
  note = "[Online]"
}
@misc{centraldiff,
  author = {Patrick Walls},
  title = {Mathematical Python},
  year = {2022},
  publisher = {GitHub},
  journal = {GitHub repository},
  howpublished = {\url{https://github.com/patrickwalls/mathematical-python/}},
  commit = {cd03bb5},
  note = "[Online]"
}
@article{floatingpoint,
  author={IEEE},
  journal={IEEE Std 754-2019 (Revision of IEEE 754-2008)}, 
  title={{IEEE} Standard for Floating-Point Arithmetic}, 
  year={2019},
  volume={},
  number={},
  pages={1--84},
  doi={10.1109/IEEESTD.2019.8766229}
}
@article{multipolarhamiltonian,
  title={The multipolar Hamiltonian in radiation theory},
  author={Power, Edwin Albert and Thirunamachandran, T.},
  journal={Proceedings of the Royal Society of London. A. Mathematical and Physical Sciences},
  volume={372},
  number={1749},
  pages={265--273},
  year={1980},
  publisher={The Royal Society London},
  doi={10.1098/rspa.1980.0112}
}
@article{edaxray,
  author = {Lestrange, Patrick J. and Egidi, Franco and Li,Xiaosong},
  title = {The consequences of improperly describing oscillator strengths beyond the electric dipole approximation},
  journal = {The Journal of Chemical Physics},
  volume = {143},
  number = {23},
  pages = {234103},
  year = {2015},
  doi = {10.1063/1.4937410},
  eprint = {https://doi.org/10.1063/1.4937410}
}
@book{qhodirac,
  title={The Principles of Quantum Mechanics},
  author={Dirac, Paul Adrien Maurice and others},
  series={the International Series of Monographs on Physics},
  number={27},
  year={1981},
  edition={4th},
  publisher={Oxford University Press},
  address={Great Clarendon Street, Oxford},
  isbn={9780198520115},
  url={https://books.google.co.uk/books?id=XehUpGiM6FIC}
}
@book{brennan,
  place={Cambridge},
  title={The Physics of Semiconductors: With Applications to Optoelectronic Devices},
  doi={10.1017/CBO9781139164214},
  publisher={Cambridge University Press},
  author={Brennan, Kevin F.},
  year={1999}
}

@article{twistedlightoam,
	doi = {10.1088/2515-7647/abdb06},
	year = 2021,
	month = {March},
	publisher = {{IOP} Publishing},
	volume = {3},
	number = {2},
	pages = {022007},
	author = {Kayn A. Forbes and David L. Andrews},
	title = {Orbital angular momentum of twisted light: chirality and optical activity},
	journal = {Journal of Physics: Photonics}
}

@article{longitudinalfield,
	doi = {10.1088/2040-8986/abff96},
	year = 2021,
	month = {May},
	publisher = {{IOP} Publishing},
	volume = {23},
	number = {7},
	pages = {075401},
	author = {Kayn A. Forbes and Dale Green and Garth A. Jones},
	title = {Relevance of longitudinal fields of paraxial optical vortices},
	journal = {Journal of Optics}
}

@article{vortexdichroism,
  title = {Optical vortex dichroism in chiral particles},
  author = {Forbes, Kayn A. and Jones, Garth A.},
  journal = {Phys. Rev. A},
  volume = {103},
  issue = {5},
  pages = {053515},
  numpages = {14},
  year = {2021},
  month = {May},
  publisher = {American Physical Society},
  doi = {10.1103/PhysRevA.103.053515},
}
@article{circulardichroism,
  title={Circular dichroism and optical rotation},
  author={Schellman, John A.},
  journal={Chemical Reviews},
  volume={75},
  number={3},
  pages={323--331},
  year={1975},
  publisher={ACS Publications},
  doi={10.1021/cr60295a004}
}
@article{vdplanepolarized,
  author = {Ward Brullot  and Maarten K. Vanbel  and Tom Swusten  and Thierry Verbiest },
  title = {Resolving enantiomers using the optical angular momentum of twisted light},
  journal = {Science Advances},
  doi = {10.1126/sciadv.1501349},
  volume = {2},
  number = {3},
  pages = {e1501349},
  year = {2016},
  eprint = {https://www.science.org/doi/pdf/10.1126/sciadv.1501349},
}
@article{lgintensity,
  title = {Physical meaning of the radial index of {Laguerre-Gauss} beams},
  author = {Plick, William N. and Krenn, Mario},
  journal = {Phys. Rev. A},
  volume = {92},
  issue = {6},
  pages = {063841},
  numpages = {10},
  year = {2015},
  month = {December},
  publisher = {American Physical Society},
  doi = {10.1103/PhysRevA.92.063841},
}
@article{chirality,
  title = {Signatures of material and optical chirality: Origins and measures},
  journal = {Chemical Physics Letters},
  volume = {626},
  pages = {106-110},
  year = {2015},
  issn = {0009-2614},
  doi = {10.1016/j.cplett.2015.02.051},
  author = {David S. Bradshaw and Jamie M. Leeder and Matt M. Coles and David L. Andrews}
}
@article{parity,
  title={Quantum formulation for nanoscale optical and material chirality: symmetry issues, space and time parity, and observables},
  author={Andrews, David L.},
  journal={Journal of Optics},
  volume={20},
  number={3},
  pages={033003},
  year={2018},
  publisher={IOP Publishing},
  doi={10.1088/2040-8986/aaaa56}
}

@misc{quadrupole,
  author={Eric W. Weisstein},
  title={Electric Quadrupole Moment},
  howpublished="\url{https://scienceworld.wolfram.com/physics/ElectricQuadrupoleMoment.html}",
  year={2017},
  publisher = {Eric Weisstein's World of Physics},
  note="[Online]"
}

@ARTICLE{noncircularpolarizations,
  AUTHOR={Angelsky, Oleg V. and Bekshaev, Aleksandr Y. and Hanson, Steen G. and Zenkova, Claudia Yu and Mokhun, Igor I. and Jun, Zheng},   
  TITLE={Structured Light: Ideas and Concepts},      
  JOURNAL={Frontiers in Physics},      
  VOLUME={8},      
  YEAR={2020},      
  DOI={10.3389/fphy.2020.00114},      
  ISSN={2296-424X}
}